<?xml version="1.0" encoding="UTF-8"?><collection xmlns="http://www.loc.gov/MARC21/slim"><record><leader>00400nam--2200145-i-4500</leader><controlfield tag="001">000049943</controlfield><controlfield tag="002">20161230</controlfield><controlfield tag="005">20161230201047</controlfield><controlfield tag="008">060222s1000------------r-----000-0-eng-d</controlfield><datafield ind1=" " ind2=" " tag="080"><subfield code="a">530.145.6:517.958</subfield></datafield><datafield ind1=" " ind2=" " tag="245"><subfield code="a">Matematicheskie voprosy teorii rasprostraneniia voln</subfield></datafield><datafield ind1=" " ind2=" " tag="260"><subfield code="a">Leningrad, Izd.Nauka, 1981. 200 S</subfield></datafield><datafield ind1=" " ind2=" " tag="490"><subfield code="a">Zapiski Nauchnyh Seminarov Lomi</subfield></datafield><datafield ind1=" " ind2=" " tag="700"><subfield code="a">Babicha,V.M</subfield></datafield><datafield ind1=" " ind2=" " tag="852"><subfield code="a">47496</subfield></datafield></record></collection>